% Introdução
@misc{googlePublicData,
    title = "Usuário da internet como porcentagem da população",
    howpublished = {\url{http://www.google.com.br/publicdata/explore?ds=d5bncppjof8f9_#!ctype=l&strail=false&bcs=d&nselm=h&met_y=it_net_user_p2&scale_y=lin&ind_y=false&rdim=region&ifdim=region&tdim=true&hl=pt_BR&dl=pt_BR&ind=false}
}

@misc{pewPage,
title = "Emerging Nations Embrace Internet, Mobile Technology",
howpublished = {\url{http://www.pewglobal.org/2014/02/13/emerging-nations-embrace-internet-mobile-technology/}}
}

@misc{domoPage,
title = "Data Never Sleeps 2.0",
howpublished = {\url{http://www.domo.com/blog/2014/04/data-never-sleeps-2-0/}}
}

@misc{BrasilRedesSociais,
	title = "Brasil é superado por 17 países em adoção de redes sociais.",
	howpublished = {\url{http://exame.abril.com.br/tecnologia/noticias/brasil-e-superado-por-17-paises-em-uso-de-redes-sociais}}
}

@misc{investorFacebook,
	title = "investor.fb.com: Investor Relations - Facebook - archive.today.",
	howpublished = {\url{http://archive.today/investor.fb.com}},
}

@misc{socialMedia,
	title = "social media - Oxford Dictionaries.",
	howpublished = {\url{http://www.oxforddictionaries.com/definition/english/social-media}}
}

@misc{estatisticasYoutube,
	title = "Estatísticas - YouTube.",
	howpublished = {\url{https://www.youtube.com/yt/press/pt-BR/statistics.html}}
}

@misc{Benevenuto,
	title = "Coleta e Análise de Grandes Bases de Dados de Redes ...",
	howpublished = {\url{http://homepages.dcc.ufmg.br/~fabricio/download/jai2011.pdf}},
	author = {Benevenuto, F.},
	year = {2011}
}

@misc{twitterOverview,
	title = "twitter.com Site Overview - Alexa.",
	howpublished = {\url{http://www.alexa.com/siteinfo/twitter.com}},
}

@misc{aboutTwitter,
	title = "Company - About Twitter.",
	howpublished = {\url{https://about.twitter.com/company}},
}

%Capitulo 2
@InProceedings{PAK10.385,
  author = {Alexander Pak and Patrick Paroubek},
  title = {Twitter as a Corpus for Sentiment Analysis and Opinion Mining},
  booktitle = {Proceedings of the Seventh International Conference on Language Resources and Evaluation (LREC'10)},
  year = {2010},
  month = {may},
  date = {19-21},
  address = {Valletta, Malta},
  editor = {Nicoletta Calzolari (Conference Chair) and Khalid Choukri and Bente Maegaard and Joseph Mariani and Jan Odijk and Stelios Piperidis and Mike Rosner and Daniel Tapias},
  publisher = {European Language Resources Association (ELRA)},
  isbn = {2-9517408-6-7},
  language = {english}
}

@misc{FBnewsroom,
    title = "Company Info | Facebook Newsroom",
    howpublished = {\url{https://newsroom.fb.com/company-info/}},
}

@misc{Facebook101,
    title = "Facebook 101 What is Facebook?",
    howpublished = {\url{http://www.gcflearnfree.org/facebook101/2}},
}

@misc{SobreYoutube,
    title = "Sobre o YouTube - YouTube.",
    howpublished = {\url{https://www.youtube.com/yt/about/pt-BR}},
    year= {2013},
}

@misc{C9ComoUsar,
	title = "Cloud9 IDE - Como usar!(iMasters BOX).",
	howpublished = {\url{http://imasters.com.br/box/ferramenta/cloud9-ide/}},
	year = {2012},
}

@misc{ComputacaoNuvem,
	title = "O que é Computação em Nuvens? - TecMundo.",
	howpublished = {\url{http://www.tecmundo.com.br/computacao-em-nuvem/738-o-que-e-computacao-em-nuvens-.htm}},
	year = {2012},
}

@InCollection{ObjectOrientedProgramming,
    title = {Object-oriented Programming with C++.},
    author = {David Parsons},
    publisher = {Letts educational},
    year = {1997},
}

@misc{RubyFAQ,
    title = "The Ruby Language FAQ - Ruby-Doc.org.",
    howpublished = {\url{http://ruby-doc.org/docs/ruby-doc-bundle/FAQ/FAQ.html}}
    year = {2005},
}

@misc{RubyLibs,
    title = "Libraries - Ruby.",
    howpublished = {\url{https://www.ruby-lang.org/en/libraries/}},
    year = {2013},
    note = "[Online; Acessado 21/05/2015",
}

@misc{WhatIsGem,
    title = "What is a gem? - RubyGems Guides.",
    howpublished = {\url{http://guides.rubygems.org/what-is-a-gem/}},
    year = {2011},
    note = "[Online; Acessado 21/05/2015",
}

@misc{FrameworkByMerriam,
	title = "Framework | Definition of framework by Merriam-Webster.",
	howpublished = {\url{http://www.merriam-webster.com/dictionary/framework}},
	year = {2005},
	note = "[Online; Acessado 14/05/2015]"
}

@misc{FrameworkDef,
	title = "Framework Definition.",
	howpublished = {\url{http://techterms.com/definition/framework}},
	year = {2015},
	note = "[Online; Acessado 14/05/2015]"
}

@misc{FrameworkDocForge,
	title = "Framework - DocForge.",
	howpublished = {\url{http://docforge.com/wiki/Framework}},
	year = {2008},
	note = "[Online; Acessado 14/05/2015]"
}

@misc{PerlDef,
    title = "Perl - definition of Perl in English from the Oxford dictionary.",
    howpublished = {\url{http://www.oxforddictionaries.com/definition/english/Perl}}
    year = {2005},
}

@misc{APIRails,
    title = "Ruby on Rails API",
    howpublished = {\url{http://api.rubyonrails.org/}},
}

@misc{RubyOnRails,
    title = "Ruby on Rails Brasil: Ruby on Rails Brasil",
    howpublished = {\url{http://www.rubyonrails.com.br/}},
}

@misc{TechTerms,
    title = "Web Application definition",
    howpublished = {\url{http://techterms.com/definition/web_application}},
}

@misc{AtlasWeb,
    title = "Is Ruby on Rails a Good Choice for Your Website?",
    howpublished = {\url{http://www.atlaswebdev.com/ruby-on-rails}},
}

@InCollection{MVC,
    title = {Engenharia de software 7ª Edição - Uma Abordagem Profissional},
    author = {Roger S. Pressman},
    publisher = {McGraw Hill Brasil},
    year = {2011},
}

@misc{Trygve/MVC,
    title = "Is Ruby on Rails a Good Choice for Your Website?",
    howpublished = {\url{https://heim.ifi.uio.no/~trygver/themes/mvc/mvc-index.html}},
    year = {2014},
}

@misc{WikipediaMVC,
    title = "Model–view–controller - Wikipedia, the free encyclopedia.",
    howpublished = {\url{http://en.wikipedia.org/wiki/Model–view–controller}},
    year = {2006},
}

@misc{HTTPDef,
	title = "HTTP (HyperText Transfer Protocol) Definition.",
	howpublished = {\url{http://techterms.com/definition/http}},
	year = {2015},
	note = "[Online; acessado 18/05/2015]",
}

@misc{XMLDef,
	title = "XML (Extensible Markup Language) Definition.",
	howpublished = {\url{http://techterms.com/definition/xml}},
	year = {2015},
	note = "[Online; acessado 18/05/2015]",
}

@misc{JSONDef,
	title = "JSON - The Tech Terms Computer Dictionary.",
	howpublished = {\url{http://techterms.com/definition/json}},
	year = {2015},
	note = "[Online; acessado 18/05/2015]",
}

@misc{APIDef,
	title = "API (Application Program Interface) Definition.",
	howpublished = {\url{http://techterms.com/definition/api}},
	year = {2008},
	note = "[Online; acessado 18/05/2015]",
}

@misc{FacebookDevs,
    title = "Facebook Platform Changelog",
    howpublished = {\url{https://developers.facebook.com/docs/apps/changelog#v2_0_permissions}},
    year = {2014},
}
@misc{FbAPIV2Video,
	title = "Upgrading to Graph API v2.x \& the new Facebook Login",
	howpublished = {\url{https://www.youtube.com/watch?v=yFr5gFGB1U8&feature=youtu.be&t=5m16s}},
	year = {2014},
}
@misc{SobrePostgreSQL,
	title = "Sobre o PostgreSQL | Comunidade Brasileira de PostgreSQL",
	howpublished = {\url{http://www.postgresql.org.br/old/sobre}},
	year = {2015},
}
@misc{OverviewPostgreSQL,
	title = "PostgreSQL Overview | EnterpriseDB",
	howpublished = {\url{http://www.enterprisedb.com/products-services-training/products/postgresql-overview}},
	year = {2010},
}
@misc{SQLIntro,
	title = "SQL Introduction",
	howpublished = {\url{http://www.w3schools.com/sql/sql_intro.asp}},
	year = {2015},
}
@misc{RelDatabase,
	title = "What is relational database?",
	howpublished = {\url{http://searchsqlserver.techtarget.com/definition/relational-database}},
	year = {2006},
}
@misc{FundamentosBD,
	title = "Programação Orientada a Objetos: Fundamentos de BD",
	howpublished = {\url{http://www.dca.fee.unicamp.br/cursos/PooJava/javadb/bdmat.html}},
	year = {2003},
}
@misc{BancoRelacional,
	title = "Programação Orientada a Objetos: Banco de dados relacional",
	howpublished = {\url{http://www.dca.fee.unicamp.br/cursos/PooJava/javadb/bdrel.html}},
	year = {2003},
}
@misc{ActiveRecordBasics,
	title = "Active Record Basics — Ruby on Rails Guides",
	howpublished = {\url{http://guides.rubyonrails.org/active_record_basics.html}},
	year = {2015},
}
@misc{ActiveRecordDocs,
	title = "Class: ActiveRecord::Base — Documentation for rails (2.3.8)",
	howpublished = {\url{http://www.rubydoc.info/docs/rails/2.3.8/ActiveRecord/Base}},
	year = {2015},
}
@misc{ORM,
	title = "Mapeamento objeto-relacional – Wikipédia, a enciclopédia livre",
	howpublished = {\url{http://pt.wikipedia.org/wiki/Mapeamento_objeto-relacional}},
	year = {2015},
}
@misc{BDOO,
	title = "Bancos de Dados Orientados a Objetos (Resumo)",
	howpublished = {\url{http://algol.dcc.ufla.br/~heitor/Artigos/Artigo_007.html}},
	year = {2003},
}
@misc{SGBD,
	title = "SGBD",
	howpublished = {\url{http://ehgomes.com.br/disciplinas/bdd/sgbd.php}},
	year = {2013},
	note = "[Online; Acessado 14/06/2015]",
}

@misc{YouTubeAPI,
	title = "YouTube Data API (v3) - YouTube — Google Developers.",
	howpublished = {\url{https://developers.google.com/youtube/v3/?hl=pt-br}},
	year = {2014},
	note = "[Online; Acessado 10/05/2015]",
}

@misc{GettingStartedYoutubeAPI,
	title = "Getting Started with the YouTube Data API - YouTube ...",
	howpublished = {\url{https://developers.google.com/youtube/v3/getting-started?hl=pt-br}},
	year = {2014},
	note = "[Online; Acessado 10/05/2015]",
}

@misc{OAuthGoogleAPI,
	title = "Using OAuth 2.0 to Access Google APIs - Google Identity Platform — Google Developers.",
	howpublished = {\url{https://developers.google.com/identity/protocols/OAuth2}},
	year = {2007},
	note = "[Online; Acessado 10/05/2015]",
}

@misc{JWT,
	title = "JSON Web Tokens - jwt.io.",
	howpublished = {\url{http://jwt.io/}},
	year = {2008},
	note = "[Online; Acessado 10/05/2015]",
}

@misc{YouTubeIt,
	title = "kylejginavan/youtube_it · GitHub.",
	howpublished = {\url{https://github.com/kylejginavan/youtube_it}},
	year = {2010},
	note = "[Online; Acessado 10/05/2015]",
}

@misc{TwitterRestApi,
	title = "REST APIs | Twitter Developers.",
	howpublished = {\url{https://dev.twitter.com/rest/public}},
	year = {2014},
	note = "[Online; Acessado 20/05/2015]",
}
@misc{TwitterSearchApi,
	title = "The Search API | Twitter Developers.",
	howpublished = {\url{https://dev.twitter.com/rest/public/search}},
	year = {2014},
	note = "[Online; Acessado 20/05/2015]",
}
@misc{URLDef,
	title = "URL (Uniform Resource Locator) Definition.",
	howpublished = {\url{http://techterms.com/definition/url}},
	year = {2015},
	note = "[Online; Acessado 20/05/2015]",
}

@misc{SentiWordNet,
	title = "SentiWordNet.",
	howpublished = {\url{http://sentiwordnet.isti.cnr.it}},
	year = {2015},
	note = "[Online; Acessado 21/05/2015]",
}

@misc{WhatIsReddit,
	title = "What is Reddit and why should you care? | Symantec ...",
	howpublished = {\url{http://www.symantec.com/connect/blogs/what-reddit-and-why-should-you-care}},
	year = {2013},
	note = "[Online; Acessado 21/05/2015]",
}

@misc{RedditWiki,
	title = "index - reddit.com.",
	howpublished = {\url{https://www.reddit.com/wiki}},
	year = {2013},
	note = "[Online; Acessado 21/05/2015]",
}

@misc{RedditAPIWordpress,
	title = "Acessando conteúdo via APIs Web baseadas em JSON ...",
	howpublished = {\url{https://pythonhelp.wordpress.com/2013/03/21/acessando-conteudo-via-apis-web-baseadas-em-json}},
	year = {2013},
	note = "[Online; Acessado 21/05/2015]",
}

@misc{RedditKit,
	title = "RedditKit - Ruby I\& Objective-C libraries for the reddit API.",
	howpublished = {\url{http://redditkit.com}},
	year = {2013},
	note = "[Online; Acessado 21/05/2015]",
}

@misc{RedditAPISearch,
	title = "Class: RedditKit::Client — Documentation for redditkit (1.0.2)",
	howpublished = {\url{http://www.rubydoc.info/gems/redditkit/RedditKit/Client}},
	year = {2013},
	note = "[Online; Acessado 21/05/2015]",
}

@misc{RedditAPI,
	title = "reddit.com: api documentation",
	howpublished = {\url{http://www.reddit.com/dev/api}},
	year = {2015},
	note = "[Online; Acessado 21/05/2015]",
}

@misc{ASOpinionMining,
	title = "Sentiment Analysis and Opinion Mining - UIC - Computer ...",
	howpublished = {\url{http://www.cs.uic.edu/~liub/FBS/SentimentAnalysis-and-OpinionMining.html}},
	year = {2012},
	note = "[Online; Acessado 10/05/2015]",
}

@misc{ASFerreiraEBA,
	title = "Ferreira, EBA. "Análise de Sentimento em Redes Sociais Utilizando influências das palavras",
	howpublished = {\url{http://www.cin.ufpe.br/~tg/2010-2/ebaf.pdf}},
	year = {2010},
	note = "[Online; Acessado 10/05/2015]",
}

@misc{socialNetworkDefinition,
	title = "social network - Oxford Dictionaries.",
	howpublished = {\url{http://www.oxforddictionaries.com/definition/english/social-network}},
	year = {2013},
	note = "[Online; Acessado 21/05/2015]",
}

@misc{wsj,
	title = "The Mounting Minuses at Google+ - WSJ.",
	howpublished = {\url{http://www.wsj.com/articles/SB10001424052970204653604577249341403742390}},
	year = {2014},
	note = "[Online; Acessado 21/05/2015]",
}

@misc{facebookPais,
	title = "Facebook Is Now Bigger Than The Largest Country On Earth.",
	howpublished = {\url{http://www.huffingtonpost.com/2015/01/28/facebook-biggest-country_n_6565428.html}},
	year = {2015},
	note = "[Online; Acessado 21/05/2015]",
}

% @misc{expressJS,
% title = "ExpressJS homepage",
% howpublished = {\url{http://expressjs.com/}}
% }

% @misc{angularJS,
% title = "AngularJS homepage",
% howpublished = {\url{https://angularjs.org/}}
% }

% @InCollection{nodeInAction,
% title = {Node.js in Action},
% author = { Mike Cantelon, Marc Harter, T.J. Holowaychuk, Nathan Rajlich},
% publisher = {Manning},
% year = {2014},
% }

% @InCollection{appRealTime,
% title = {Aplicações web real-time com Node.js},
% author = { Caio Ribeiro Pereira},
% publisher = {Casa do Código},
% year = {2014},
% }

% @InCollection{nodeRight,
% title = {Node.js the Right Way: Practical, Server-Side JavaScript That Scales},
% author = {Jim R. Wilson},
% publisher = {Pragmatic Bookshelf},
% year = {2013},
% }

% @InCollection{jsGood,
% title = {JavaScript: The Good Parts},
% author = {Douglas Crockford},
% publisher = {O'Reilly Media},
% year = {2008},
% }

% @MISC{nodeMeet,
% title = {Node Meet Intro},
% author = {Johann du Toit},
% howpublished = {\url{http://johanndutoit.net/presentations/2013/05/node-meetup-intro-29-may-2013/}},
% year = {2013}
% }

% @MISC{fwJs,
% title = {Top JavaScript MVC Frameworks},
% author = {Dio Synodinos},
% howpublished = {\url{http://www.infoq.com/research/top-javascript-mvc-frameworks}},
% year = {2013}
% }

% @MISC{compNode,
% title = {Projects, Applications, and Companies using Node},
% author = {Dio Synodinos},
% howpublished = {\url{https://github.com/joyent/node/wiki/Projects,-Applications,-and-Companies-Using-Node}},
% year = {2013}
% }

% @MISC{compBds,
% title = {Comparação de Performance entre PostgreSQL e MongoDB},
% author = {Cristiano Politowski, Vinícius Maran},
% howpublished = {\url{http://www.lbd.dcc.ufmg.br/colecoes/erbd/2014/003.pdf}},
% year = {2014}
% }

% @MISC{dbEng,
% title = {DB-engines web site},
% howpublished = {\url{http://db-engines.com/en/ranking}},
% year = {2014}
% }

% @MISC{v8Eng,
% title = {Chrome V8 - Introduction},
% author = {Google Developers},
% howpublished = {\url{https://developers.google.com/v8/intro}},
% year = {2012}
% }

% @MISC{poeNode,
% title = {Programação Orientada a Eventos no lado do servidor utilizando Node.js},
% author = {Francisco de Assis Ribeiro Junior},
% howpublished = {\url{http://www.infobrasil.inf.br/userfiles/16-S3-3-97136-Programa%C3%A7%C3%A3o%20Orientada___.pdf}}
% }

% @MISC{mongoNode,
% title = {Arquitetura e testes de serviços web de alto desempenho com node.js e mongodb},
% author = {Ricardo Schroeder, Fernando dos Santos},
% howpublished = {\url{http://www.ceavi.udesc.br/arquivos/id_submenu/787/ricardo_schroeder_versao_final_.pdf}}
% }

% @MISC{eventDrivenPro,
% title = {Event-Driven Programming: Introduction, Tutorial, History },
% author = {Stephen Ferg},
% howpublished = {\url{http://ufpr.dl.sourceforge.net/project/eventdrivenpgm/event_driven_programming.pdf}}
% }

% @MISC{escTerm,
% title = {Desenvolvendo aplicações Web escaláveis},
% author = {Elton Luís Minetto},
% howpublished = {\url{http://eltonminetto.net/docs/app_web_escalaveis.pdf}}
% }

% @MISC{intStats,
% title = {Internet live stats},
% author = {Real Time Statistics Project},
% howpublished = {\url{http://www.internetlivestats.com/internet-users/#sources}},
% year = {2014}
% }


% @MISC{proxyRev,
% title = {PROXY REVERSO},
% author = {Donizete Fidelis},
% howpublished = {\url{http://ti.crinfo.com.br/wp-content/plugins/downloads-manager/upload/Proxy%20Reverso%20por%20Donizete%20Fidelis.pdf}},
% year= {2013}
% }

% @MISC{appWeb,
% title = {Aplicações Web},
% author = {Wikipedia},
% howpublished = {\url{http://pt.wikipedia.org/wiki/Aplica%C3%A7%C3%A3o_web}},
% year= {2013}
% }


% @MISC{mongoNosql,
% title = {NoSQL Databases Explained},
% author = {MongoDB},
% howpublished = {\url{http://www.mongodb.com/nosql-explained}},
% year= {2013}
% }

% @MISC{NosqlIm,
% title = {NoSQL – você realmente sabe do que estamos falando?},
% author = {Jean Nascimento},
% howpublished = {\url{http://imasters.com.br/artigo/17043/banco-de-dados/nosql-voce-realmente-sabe-do-que-estamos-falando/}},
% year= {2010}
% }

% @MISC{meanVSlamp,
% title = {Mean vs Lamp – How Do They Stack Up?},
% author = { Itay Herskovits},
% howpublished = {\url{http://blog.backand.com/mean-vs-lamp/}},
% year= {2014}
% }

% @MISC{IntNosql,
% title = {Introdução aos bancos de dados NoSQL},
% author = {Vinicius Ianni},
% howpublished = {\url{http://www.devmedia.com.br/introducao-aos-bancos-de-dados-nosql/26044#ixzz3Kq0arjUf}},
% year= {2013}
% }

% @MISC{AnaliseNosql,
% title = {ANÁLISE DE BANCOS DE DADOS NOSQL E
% DESENVOLVIMENTO DE UMA APLICAÇÃO},
% author = {Ivan Isaías Friess},
% howpublished = {\url{http://www-app.inf.ufsm.br/bdtg/arquivo.php?id=171}},
% year= {2013}
% }

% @MISC{StackOCallbk,
% title = {O que é callback?},
% author = {Stackoverflow},
% howpublished = {\url{http://pt.stackoverflow.com/questions/27177/o-que-é-callback}},
% year= {2013}
% }

% @MISC{NosqlDatabase,
% title = {List Of NoSQL Databases},
% author = {NoSQL Archive},
% howpublished = {\url{http://nosql-database.org/}},
% year= {2014}
% }

% @MISC{NosqlCol,
% title = {Banco de dados orientado a colunas},
% author = {Isaias Barroso},
% howpublished = {\url{http://isaiasbarroso.wordpress.com/2012/06/20/banco-de-dados-orientado-a-colunas/}},
% year= {2012}
% }

% @MISC{NosqlWiki,
% title = {NoSQL},
% author = {Wikipedia},
% howpublished = {\url{http://en.wikipedia.org/wiki/NoSQL}},
% year= {2013}
% }

% @MISC{prdgProg,
% title = {Paradigma de Programação},
% author = {Gustavo Jungthon,Cristian Machado Goulart},
% howpublished = {\url{http://petry.pro.br/sistemas/programacao1/materiais/artigo_paradigmas_de_programacao.pdf}},
% year= {2010}
% }

% @MISC{ExpressGen,
% title = {Express application generator},
% author = {Express.js},
% howpublished = {\url{http://expressjs.com/starter/generator.html}},
% year= {2014}
% }

% @MISC{MongoDbSQL,
% title = {SQL to Aggregation Mapping Chart},
% author = {MongoDB},
% howpublished = {\url{http://docs.mongodb.org/manual/reference/sql-aggregation-comparison/}},
% year= {2014}
% }

% @MISC{MathRace,
% title = {Math Race},
% author = {Iván Loire},
% howpublished = {\url{https://github.com/iloire/math-race/}},
% year= {2012}
% }

% @MISC{RESTWiki,
% title = {REST},
% author = {Wikipedia},
% howpublished = {\url{http://pt.wikipedia.org/wiki/REST}},
% year= {2013}
% }

% @InCollection{AnalysisNoSQL,
% title = {Analysis and Classification of NoSQL Databases and Evaluation of their Ability to Replace an Object-Relational Persistence Layer},
% author = {Kai Orend},
% year = {2010},
% }

% @InCollection{BdNoSQLxSGBDs,
% title = {Bancos de Dados NoSQL x SGBDs Relacionais:Análise Comparativa},
% author = {Ricardo W. Brito},
% year = {2010},
% }

% @MISC{MongoPy,
% title = {Mongo DB for Python Developers},
% author = {Naren Arya},
% howpublished = {\url{https://impythonist.wordpress.com/tag/nosql/}},
% year= {2014}
% }

% @InCollection{BaseAcid,
% title = {BASE: An ACID Alternative},
% author = {Dan Pritchett},
% publisher = {ACM Queue},
% year = {2008},
% }

% @MISC{ThreadPool,
% title = {Pools de threads},
% author = {Dr. Jacques Philippe Sauvé},
% howpublished = {\url{http://www.dsc.ufcg.edu.br/~jacques/cursos/map/html/threads/pool.html}},
% year= {2014}
% }

% @InCollection{NodejsEMongodb,
% title = {Arquitetura e testes de serviços web de alto desempenho com Node.js e Mongodb},
% author = {icardo Schroeder, Fernando dos Santos},
% year = {2014},
% }

% @MISC{TwoWayData,
% title = {Porque utilizar AngularJS no seu próximo projeto},
% author = {Kaio Valente},
% howpublished = {\url{http://tasafo.wordpress.com/2014/11/26/porque-utilizar-angularjs-no-seu-proximo-projeto/}},
% year= {2014}
% }


% @MISC{ScalabVH,
% title = {What is Vertical scaling and Horizontal scaling – Vertical and Horizontal hardware / services scaling},
% author = {Georgi Georgiev},
% howpublished = {\url{http://www.pc-freak.net/}},
% year= {2014}
% }